product_title,product_image,packsize,price,price_per_unit
"Ready, Set...Cook! Marinated Lamb Shoulder per kg",https://www.aldi.com.au/fileadmin/_processed_/b/9/csm_W13_SUPER_SAVERS_MEAT_1x1__bdc2c6771b.jpg,per kg,$17.99,$17.99 per kg
World Kitchen Roasted Vegetable Pizza 510g,https://www.aldi.com.au/fileadmin/_processed_/3/4/csm_W13_SUPER_SAVERS_MEAT_1x1_2_a52d92dff4.jpg,510g,$4.99,98c per 100g
Ironbark Pork Loin Roast per kg,https://www.aldi.com.au/fileadmin/_processed_/6/9/csm_W13_SUPER_SAVERS_MEAT_1x1_3_cff5fa511a.jpg,per kg,$10.99,$10.99 per kg
The Fishmonger Fresh Tasmanian Salmon Skin Off 4pk/460g,https://www.aldi.com.au/fileadmin/_processed_/b/5/csm_W13_SUPER_SAVERS_MEAT_1x1_4_288e9a3100.jpg,4pk,$12.99,$28.24 per kg
Ingham’s Chicken Mini Kievs 400g,https://www.aldi.com.au/fileadmin/_processed_/4/9/csm_W13_SUPER_SAVERS_MEAT_1x1_5_1642a44ec3.jpg,400g,$5.99,$14.98 per kg
Broad Oak Farms Chicken Drumsticks 2kg,https://www.aldi.com.au/fileadmin/_processed_/8/6/csm_ALN3255_1x1_228x128_4_R_41580bd29a.jpg,2kg,$5.99,$3.00 per kg
Killarnee Lamb Loin Chops per kg,https://www.aldi.com.au/fileadmin/_processed_/b/5/csm_ALN3255_1x1_228x128_3_aced897aeb.jpg,per kg,$19.99,$19.99 per kg
Ocean Royale Atlantic Salmon Portions Skin On 1kg,https://www.aldi.com.au/fileadmin/_processed_/7/c/csm_ALN3255_1x1_228x128_5_ed01d533fa.jpg,,$23.99,$23.99 per kg
Ocean Royale Salmon Wellington 280g,https://www.aldi.com.au/fileadmin/_processed_/3/7/csm_ALN3255_1x1_228x128_7_aa4735cccf.jpg,,$4.99,$17.82 per kg
Monarc Crowns 4pk/475ml,https://www.aldi.com.au/fileadmin/_processed_/b/8/csm_ALN3255_1x1_228x128_8_011dacff0a.jpg,4pk,$2.99,62c per 100ml
Monarc Obsession Ice Cream 1L,https://www.aldi.com.au/fileadmin/_processed_/a/4/csm_ALN3255_1x1_228x128_9_85a81b784f.jpg,ea,$3.99,40c per 100ml
Food Envy Vanilla Bean Rice Pudding 2 x 170g,https://www.aldi.com.au/fileadmin/_processed_/5/f/csm_ALN3255_1x1_228x128_23_a7ca917d34.jpg,ea,$1.49,44c per 100g
Belmont Biscuit Co. Jaffa Cakes 300g,https://www.aldi.com.au/fileadmin/_processed_/7/b/csm_ALN3255_1x1_228x128_10_164904ec06.jpg,ea,$2.99,$1.00 per 100g
Belmont Biscuit Co. Crème Biscuits 150g,https://www.aldi.com.au/fileadmin/_processed_/0/8/csm_ALN3255_1x1_228x128_11_f4fa14ac05.jpg,ea,49c,33c per 100g
Choceur Liviano 150g,https://www.aldi.com.au/fileadmin/_processed_/9/d/csm_ALN3255_1x1_228x128_12_6d9e865149.jpg,ea,$1.99,$1.33 per 100g
The Cake Stall Banana Bread Slices 5pk/500g,https://www.aldi.com.au/fileadmin/_processed_/b/7/csm_ALN3255_1x1_228x128_13_ccfc319d45.jpg,,$3.99,80c per 100g
Colway Mustard 190g,https://www.aldi.com.au/fileadmin/_processed_/b/5/csm_ALN3255_1x1_228x128_14_290ef3774c.jpg,ea,$1.49,78c per 100g
Bakers Life Large Wraps 8pk/560g,https://www.aldi.com.au/fileadmin/_processed_/4/b/csm_ALN3255_1x1_228x128_15_d1216f2695.jpg,8pk,$2.99,53c per 100g
Essential Health Meal Replacement Shakes 55g,https://www.aldi.com.au/fileadmin/_processed_/b/3/csm_ALN3255_1x1_228x128_16_37965ba304.jpg,ea,$1.79,$3.25 per 100g
Yoguri Protein Yogurt 160g,https://www.aldi.com.au/fileadmin/_processed_/2/5/csm_ALN3255_1x1_228x128_17_7aca2540b8.jpg,ea,99c,62c per 100g
One Road Chardonnay 750ml,https://www.aldi.com.au/fileadmin/_processed_/7/e/csm_ALN3255_1x1_228x128_18_468e296982.jpg,,$6.49,
Piatti Fresh Garlic Bread Loaf 400g,https://www.aldi.com.au/fileadmin/_processed_/0/f/csm_ALN3255_1x1_228x128_19_3c091a585d.jpg,,$1.99,50c per 100g
Julius Dog Beef Liver Treatz 500g,https://www.aldi.com.au/fileadmin/_processed_/7/7/csm_ALN3255_1x1_228x128_20_88e39c17b5.jpg,,$5.99,$1.20 per 100g
Power Force Toilet Blocks 2 x 50g,https://www.aldi.com.au/fileadmin/_processed_/a/d/csm_ALN3255_1x1_228x128_21_ce4c98fa6c.jpg,2pk,$1.49,$1.49 per 100g
Logix Rinse Aid or Dishwasher Cleaner 250ml/500ml,https://www.aldi.com.au/fileadmin/_processed_/5/0/csm_ALN3255_1x1_228x128_22_2f99fd8109.jpg,ea,$1.99,80c/40c per 100ml
Dentitex Advanced Whitening Toothpaste,https://www.aldi.com.au/fileadmin/_processed_/9/3/csm_ALN2364-7_HEALTH_1x1_228x128__d9c1a69508.jpg,140g,$1.79,$1.28 per 100g
Market Fare Corn Cobs 1kg,https://www.aldi.com.au/fileadmin/_processed_/9/4/csm_ALN2853_AWARDS_FROZEN_FOOD_1x1_228x128__e655e9c06c.jpg,,,see price in store*
LACURA® Essentials BB Cream SPF 15 50ml,https://www.aldi.com.au/fileadmin/_processed_/7/d/csm_ALN1075_SKIN_CARE_UPDATE_1x1_228x128_6_2dac99110b.jpg,,$4.99,$9.98 per 100ml
Dentitex Sensitive Plus Whitening Toothpaste,https://www.aldi.com.au/fileadmin/_processed_/6/2/csm_ALN2364-7_HEALTH_1x1_228x128_5_684b45adc5.jpg,,$4.49,$4.08 per 100g
Dentitex Interdental Pro Toothbrush 2pk,https://www.aldi.com.au/fileadmin/_processed_/b/6/csm_ALN2853_HEALTH_1x1_228x128_4_5cb4d06f7a.jpg,2pk,$1.99,$1.00 per unit
Dentitex Orbit Toothbrush 2pk,https://www.aldi.com.au/fileadmin/_processed_/3/a/csm_ALN2364-7_HEALTH_1x1_228x128_3_e4b1c3337d.jpg,2pk,$2.99,$1.50 per unit
Dentitex Mouthwash 1L,https://www.aldi.com.au/fileadmin/_processed_/7/8/csm_ALN2853_HEALTH_1x1_228x128_5_90b70c5e97.jpg,1L,$4.19,42c per 100mL
Dentitex Mouthwash 500ml,https://www.aldi.com.au/fileadmin/_processed_/2/1/csm_ALN3077_HEALTH_1x1_228x128_be3f781b52.jpg,500ml,$3.49,70c per ml
Essential Health Paw Paw Ointment,https://www.aldi.com.au/fileadmin/_processed_/9/0/csm_ALN2364-7_HEALTH_1x1_228x128_6_678cce7213.jpg,ea,$2.79,$11.16 per 100g
Green Action Eucalyptus Oil 100ml,https://www.aldi.com.au/fileadmin/_processed_/0/d/csm_ALN2853_HEALTH_1x1_228x128_2_52ddfb3258.jpg,100ml,$6.99,$6.99 per 100ml
Hedafen Ibuprofen 24pk,https://www.aldi.com.au/fileadmin/_processed_/e/e/csm_ALN2364-7_HEALTH_1x1_228x128_7_5e19cb1d8b.jpg,24pk,$1.49,6c per tablet
Hedafen Ibuprofen Liquid Capsules 20pk,https://www.aldi.com.au/fileadmin/_processed_/2/b/csm_ALN2364-7_HEALTH_1x1_228x128_8_d5b131d4a1.jpg,20pk,$2.39,12c per capsule
Hedanol Paracetamol Capsule Shaped Tablets 20pk,https://www.aldi.com.au/fileadmin/_processed_/a/5/csm_ALN2364-7_HEALTH_1x1_228x128_9_c613cd50e7.jpg,,69c,3c per tablet
Market Fare Corn Kernels 1kg,https://www.aldi.com.au/fileadmin/_processed_/a/2/csm_ALN2853_AWARDS_FROZEN_FOOD_1x1_228x128_2_b2bba5422e.jpg,,$2.59,$2.59 per kg
Market Fare Garden Peas 1kg,https://www.aldi.com.au/fileadmin/_processed_/4/a/csm_ALN2853_AWARDS_FROZEN_FOOD_1x1_228x128_3_591795a34d.jpg,,$1.99,$1.99 per kg
Market Fare Baby Peas 1kg,https://www.aldi.com.au/fileadmin/_processed_/a/5/csm_ALN2853_FROZEN_FOOD_1x1_228x128__772adc84e0.jpg,1kg,$2.99,$2.99 per kg
"Market Fare Peas, Carrots & Corn 1kg",https://www.aldi.com.au/fileadmin/_processed_/a/b/csm_ALN2853_AWARDS_FROZEN_FOOD_1x1_228x128_4_32b4dc35ff.jpg,,$2.79,$2.79 per kg
Market Fare Green Beans 1kg,https://www.aldi.com.au/fileadmin/_processed_/f/0/csm_ALN2853_AWARDS_FROZEN_FOOD_1x1_228x128_5_728efad4f0.jpg,,$1.99,$1.99 per kg
Market Fare Broccoli 500g,https://www.aldi.com.au/fileadmin/_processed_/c/b/csm_ALN2853_AWARDS_FROZEN_FOOD_1x1_228x128_6_31d847d825.jpg,,$2.29,$4.58 per kg
Market Fare Spinach 250g,https://www.aldi.com.au/fileadmin/_processed_/a/d/csm_ALN2853_AWARDS_FROZEN_FOOD_1x1_228x128_7_e00448fa4c.jpg,,89c,$3.56 per kg
Market Fare Zucchini Noodles 340g,https://www.aldi.com.au/fileadmin/_processed_/8/a/csm_ALN2853_FROZEN_FOOD_1x1_228x128_6_95b755bb96.jpg,340g,$3.49,$10.26 per kg
Market Fare Winter Vegetables 1kg,https://www.aldi.com.au/fileadmin/_processed_/f/a/csm_ALN2364_AWARDS_FROZEN_FOOD_1x1_228x128_10_9729780f9e.jpg,,$2.79,$2.79 per kg
Market Fare Stir Fry Vegetables 850g,https://www.aldi.com.au/fileadmin/_processed_/d/3/csm_ALN2853_FROZEN_FOOD_1x1_228x128_2_b87e9b8cb1.jpg,850g,$3.49,$4.11 per kg
Market Fare Cauliflower or Broccoli Bake 800g,https://www.aldi.com.au/fileadmin/_processed_/b/6/csm_ALN2853_AWARDS_FROZEN_FOOD_1x1_228x128_8_b9622172af.jpg,ea,$4.99,$6.24 per kg
LACURA® Essentials Purify Exfoliating Wash 150ml,https://www.aldi.com.au/fileadmin/_processed_/7/d/csm_ALP0614_WEB_AUDIT_2Q_LACURA_1x1_128x228__7337596be1.jpg,,$3.79,$2.53 per 100ml
LACURA® Essentials Caring Cleansing Gel 150ml,https://www.aldi.com.au/fileadmin/_processed_/e/9/csm_ALP0614_WEB_AUDIT_2Q_LACURA_1x1_128x228_2_238ffd9714.jpg,,$3.79,$2.53 per 100ml
LACURA® Essentials Fine Balance Foaming Cleansing Gel 150ml,https://www.aldi.com.au/fileadmin/_processed_/1/6/csm_ALP0614_WEB_AUDIT_2Q_LACURA_1x1_128x228_3_41952414db.jpg,,$3.79,$2.53 per 100ml
LACURA® Essentials Fine Balance Cleansing Wipes 30pk,https://www.aldi.com.au/fileadmin/_processed_/8/5/csm_ALC7782_THE_BLOCK_1x1_228x128_46_14b472b3c8.jpg,30pk,$1.69,6c per wipe
LACURA® Essentials Caring Cleansing Wipes 30pk,https://www.aldi.com.au/fileadmin/_processed_/d/8/csm_ALC7782_THE_BLOCK_1x1_228x128_47_c420f81809.jpg,,$1.69,6c per wipe
LACURA® Essentials Make Up Rounds 80pk,https://www.aldi.com.au/fileadmin/_processed_/7/7/csm_ALN1075_SKIN_CARE_UPDATE_1x1_228x128_9_1dbf20698f.jpg,,$1.39,$1.74 per 100 rounds
LACURA® Essentials Cotton Tips 240pk,https://www.aldi.com.au/fileadmin/_processed_/6/a/csm_ALN1075_SKIN_CARE_UPDATE_1x1_228x128_10_2945f8c10b.jpg,,99c,41c per 100 tips
LACURA® Essentials Women's Comfort Touch 3 Blade Disposable Razors 8pk,https://www.aldi.com.au/fileadmin/_processed_/5/c/csm_ALN1075_SKIN_CARE_UPDATE_1x1_228x128_11_f02b9d87a7.jpg,,$3.99,50c per unit
LACURA® Skin Science Renew Expert Double Effect Eye Gel 15ml,https://www.aldi.com.au/fileadmin/_processed_/9/1/csm_ALN2147_Q4_SKIN-CARE_1x1_228x128_9_93889e4a72.jpg,,$9.99,$66.60/100ml
LACURA® Skin Science Renew Expert Wrinkle Smoother 15ml,https://www.aldi.com.au/fileadmin/_processed_/7/9/csm_ALN2147_Q4_SKIN-CARE_1x1_228x128_10_7ffbef2e32.jpg,,$9.99,$66.60/100ml
Essential Health Effervescents 15pk,https://www.aldi.com.au/fileadmin/_processed_/c/3/csm_ALN2364-7_HEALTH_1x1_228x128_10_586cc47052.jpg,ea,$4.49,30c per tablet
Essential Health Electrolytes 20pk,https://www.aldi.com.au/fileadmin/_processed_/9/3/csm_ALN2853_HEALTH_1x1_228x128__9c3f4c0792.jpg,20pk,$5.49,27c per tablet
Essential Health First Aid Strips Plastic 100pk / Fabric 50pk,https://www.aldi.com.au/fileadmin/_processed_/6/4/csm_ALN2364-7_HEALTH_1x1_228x128_11_a6de138e71.jpg,ea,$1.99,2c-4c per strip
Essential Health Meal Replacement Shakes,https://www.aldi.com.au/fileadmin/_processed_/0/e/csm_ALN2364-7_HEALTH_1x1_228x128_12_2e957e4443.jpg,ea,$1.79,$3.25 per 100g­
Essential Health Protein Bar 30g,https://www.aldi.com.au/fileadmin/_processed_/0/3/csm_ALN2364-7_HEALTH_1x1_228x128_13_8e8f2dd529.jpg,ea,$1.49,$4.97 per 100g
Onset Chocolate Protein Bars 51g-57g,https://www.aldi.com.au/fileadmin/_processed_/5/4/csm_ALN2853_HEALTH_1x1_228x128_3_2bdeaaea03.jpg,51g-57g,$2.99,$5.86-$5.25 per 100g
The Best Margherita Pizza Ever 365g,https://www.aldi.com.au/fileadmin/_processed_/f/5/csm_ALN2626_MARGHERITA_PIZZA_1x1_228x128_663241c472.jpg,,$4.99,$1.37 per 100g
International Cuisine Supreme Family Pizza 500g,https://www.aldi.com.au/fileadmin/_processed_/7/3/csm_ALN2364_FROZEN_FOOD_1x1_228x128__218af1f32e.jpg,,$2.99,59c per 100g
International Cuisine Beef Lasagne 2kg,https://www.aldi.com.au/fileadmin/_processed_/9/f/csm_ALN2853_FROZEN_FOOD_1x1_228x128_9_820f46bccd.jpg,,$8.49,43c per 100g
Orchard & Vine Blueberries 500g,https://www.aldi.com.au/fileadmin/_processed_/d/8/csm_ALN2364_FROZEN_FOOD_1x1_228x128_3_97631fd247.jpg,,$3.69,$7.38 per kg
Kenny’s Frozen Dessert 475ml,https://www.aldi.com.au/fileadmin/_processed_/8/a/csm_ALN2853_FROZEN_FOOD_1x1_228x128_8_4f548ce5ec.jpg,475ml,$4.99,$1.05 per 100ml
LACURA® Skin Science Renew Day Cream SPF 15 50ml,https://www.aldi.com.au/fileadmin/_processed_/6/8/csm_ALN2147_Q4_SKIN-CARE_1x1_228x128__4a518097a6.jpg,,$7.99,$15.98 per 100ml
LACURA® Skin Science Renew Night Cream 50ml,https://www.aldi.com.au/fileadmin/_processed_/e/6/csm_ALN2147_Q4_SKIN-CARE_1x1_228x128_4_bd338d37dd.jpg,,$7.99,$15.98 per 100ml
LACURA® Skin Science Renew Serum 50ml,https://www.aldi.com.au/fileadmin/_processed_/9/0/csm_ALN2147_Q4_SKIN-CARE_1x1_228x128_5_e8df2a9cb8.jpg,,$7.99,$15.98 per 100ml
LACURA® Skin Science Renew Expert Day Cream SPF 15 50ml,https://www.aldi.com.au/fileadmin/_processed_/0/8/csm_ALN2364_AWARDS_HEALTH-AND-BEAUTY_1x1_228x128__062953c66a.jpg,,$10.99,$21.98 per 100ml
LACURA® Skin Science Renew Expert Night Cream SPF 15 50ml,https://www.aldi.com.au/fileadmin/_processed_/8/f/csm_ALN2364_AWARDS_HEALTH-AND-BEAUTY_1x1_228x128_2_528fdaf309.jpg,,$10.99,$21.98 per 100ml
LACURA® Essentials Renew Cleansing Wipes 30pk,https://www.aldi.com.au/fileadmin/_processed_/f/8/csm_ALC7782_THE_BLOCK_1x1_228x128_49_b2fd8e8bc4.jpg,,$1.69,6c per wipe
LACURA® Skin Science Revive Hyaluronic Gel 30ml,https://www.aldi.com.au/fileadmin/_processed_/3/f/csm_ALN2364_AWARDS_HEALTH-AND-BEAUTY_1x1_228x128_3_143a22473a.jpg,,$10.99,$36.63 per 100ml
LACURA® Skin Science Revive Night Elixir 30ml,https://www.aldi.com.au/fileadmin/_processed_/2/b/csm_ALN2364_AWARDS_HEALTH-AND-BEAUTY_1x1_228x128_4_c9cee72591.jpg,,$10.99,$36.63 per 100ml
LACURA® Skin Science Revive Moisture Boost 15ml,https://www.aldi.com.au/fileadmin/_processed_/5/d/csm_ALN1075_SKIN_CARE_UPDATE_1x1_228x128_42_6f40505af1.jpg,,$10.99,$73.27 per 100ml
LACURA® Skin Science Revitalise Expert Day Cream 50ml,https://www.aldi.com.au/fileadmin/_processed_/7/c/csm_ALN2147_Q4_SKIN-CARE_1x1_228x128_11R_1ab1f158f5.jpg,,$10.99,$21.98 per 100ml
Farmdale Lactose Free Full Cream Milk 1L,https://www.aldi.com.au/fileadmin/_processed_/0/9/csm_ALN3077_DAIRY-EGGS_1x1_228x128__3b333d29cc.jpg,,$1.99,$1.99 per litre
LACURA® Skin Science Revitalise Expert Neck & Décolleté Serum 50ml,https://www.aldi.com.au/fileadmin/_processed_/2/d/csm_ALN2147_Q4_SKIN-CARE_1x1_228x128_12_2d6de1ed9e.jpg,,$10.99,$21.98 per 100ml
LACURA® Skin Science Revitalise Expert Eye Cream 15ml,https://www.aldi.com.au/fileadmin/_processed_/8/4/csm_ALN2147_Q4_SKIN-CARE_1x1_228x128_13_ce5f78dd18.jpg,,$10.99,$73.27 per 100ml
LACURA® Skin Science Revitalise Day Cream with Soy for Mature Skin 50ml,https://www.aldi.com.au/fileadmin/_processed_/f/d/csm_ALN2147_Q4_SKIN-CARE_1x1_228x128_6_19bbb35ab4.jpg,,$7.99,$15.98 per 100ml
LACURA® Skin Science Revitalise Night Cream with Soy for Mature Skin 50ml,https://www.aldi.com.au/fileadmin/_processed_/8/8/csm_ALN2147_Q4_SKIN-CARE_1x1_228x128_8_e00377d4f7.jpg,,$7.99,$15.98 per 100ml
LACURA® Skin Science Revitalise Multi Intensive Serum for Mature Skin 50ml,https://www.aldi.com.au/fileadmin/_processed_/1/e/csm_ALN2147_Q4_SKIN-CARE_1x1_228x128_7_34e3505580.jpg,,$7.99,$15.98 per 100ml
LACURA® Essentials Revitalise Cleansing Wipes 30pk,https://www.aldi.com.au/fileadmin/_processed_/6/d/csm_ALC7782_THE_BLOCK_1x1_228x128_48_bd33cd66a1.jpg,,$1.69,6c per wipe
LACURA® Naturals Revitalising Facial Foaming Cleanser 150ml,https://www.aldi.com.au/fileadmin/_processed_/e/8/csm_ALN1075_SKIN_CARE_UPDATE_1x1_228x128_25_76e9bdcba0.jpg,,$5.99,$3.99 per 100ml
LACURA® Naturals Pore Cleansing Clarifying Facial Scrub 150ml,https://www.aldi.com.au/fileadmin/_processed_/1/b/csm_ALN1075_SKIN_CARE_UPDATE_1x1_228x128_26_20d4d20ddc.jpg,,$5.99,$3.99 per 100ml
Farmdale RAM Coffee Flavoured Milk 2L,https://www.aldi.com.au/fileadmin/_processed_/1/f/csm_ALN2364_AWARDS_DAIRY_1x1_228x128_20_e960ed0521.jpg,,$3.49,$1.75 per litre
Farmdale RAM Chocolate Flavoured Milk 600ml,https://www.aldi.com.au/fileadmin/_processed_/7/6/csm_ALN2364_AWARDS_DAIRY_1x1_228x128_21_7e6f5d587a.jpg,,$1.99,$3.32 per Litre
Farmdale RAM Iced coffee Flavoured Milk 600ml,https://www.aldi.com.au/fileadmin/_processed_/a/1/csm_ALN2364_AWARDS_DAIRY_1x1_228x128_22_f5b81e1162.jpg,,$1.99,$3.32 per Litre
Farmdale Full Cream Milk Powder 1kg,https://www.aldi.com.au/fileadmin/_processed_/a/f/csm_ALN2364_AWARDS_DAIRY_1x1_228x128_23_6a3e1e1244.jpg,,$5.69,$5.69 per kg
Farmdale Skim Milk Powder 1kg,https://www.aldi.com.au/fileadmin/_processed_/2/f/csm_ALN2853_AWARDS_MILK_1x1_228x128__3f17bcfcfd.jpg,,$5.69,$5.69 per kg
Lodge Farm Free Range Eggs 12 Pack 600g,https://www.aldi.com.au/fileadmin/_processed_/7/5/csm_ALN2783_CANSTAR-AWARD-EGGS_1x1_228x128__5a6e070d9c.jpg,600g,$3.69,62c per 100g
Lodge Farm Free Range Eggs 12 Pack 700g,https://www.aldi.com.au/fileadmin/_processed_/5/e/csm_ALN2783_CANSTAR-AWARD-EGGS_1x1_228x128_2_1a1861e0ae.jpg,700g,$3.99,57c per 100g
Just Organic Free Range Eggs 6 Pack 300g,https://www.aldi.com.au/fileadmin/_processed_/7/9/csm_ALN2670_Q1_WEB_AUDIT__DAIRY_EGGS__1x1_228x128_5_34abfa032d.jpg,6pk,$3.99,$1.33 per 100g
LACURA® Naturals Invigorating Exfoliating Facial Scrub 150ml,https://www.aldi.com.au/fileadmin/_processed_/7/6/csm_ALN1075_SKIN_CARE_UPDATE_1x1_228x128_27_6a0455746a.jpg,,$5.99,$3.99 per 100ml
LACURA® Naturals Anti-Aging Day Cream with Liquorice Extract Oil & Silk Protein 50ml,https://www.aldi.com.au/fileadmin/_processed_/9/5/csm_ALN1075_SKIN_CARE_UPDATE_1x1_228x128_24_785043bbbe.jpg,,$7.99,$15.98 per 100ml
LACURA® Naturals Anti-Aging Night Cream with Rice Bran Oil & Silk Protein 50ml,https://www.aldi.com.au/fileadmin/_processed_/6/4/csm_ALN1075_SKIN_CARE_UPDATE_1x1_228x128_23_5dcf16da94.jpg,,$7.99,$15.98 per 100ml
LACURA® Naturals Anti-Aging Serum with Ginger Extract & Silk Protein 30ml,https://www.aldi.com.au/fileadmin/_processed_/4/b/csm_ALN1075_SKIN_CARE_UPDATE_1x1_228x128_21_d392e88049.jpg,,$7.99,$26.63 per 100ml
LACURA® Naturals Anti-Aging Eye Cream with Tiger Grass & Silk Protein 15ml,https://www.aldi.com.au/fileadmin/_processed_/8/8/csm_ALN1075_SKIN_CARE_UPDATE_1x1_228x128_22_728b0243c5.jpg,,$7.99,$53.27 per 100ml
LACURA® Beauty Long Lasting Duo Lipstick,https://www.aldi.com.au/fileadmin/_processed_/d/b/csm_ALN1075_SKIN_CARE_UPDATE_1x1_228x128_18_4e99e30afa.jpg,ea,$6.99,
LACURA® Beauty Long Lasting Compact Powder 10g,https://www.aldi.com.au/fileadmin/_processed_/a/d/csm_ALN1075_SKIN_CARE_UPDATE_1x1_228x128_19_69f5f9923e.jpg,,$5.99,$5.99 per 10g
LACURA® Beauty Long Lasting Compact Blush 4.5g,https://www.aldi.com.au/fileadmin/_processed_/d/2/csm_ALN1075_SKIN_CARE_UPDATE_1x1_228x128_20_3668aae7b3.jpg,,$5.99,$13.31 per 10g
LACURA® Beauty Foundation with Sunscreen,https://www.aldi.com.au/fileadmin/_processed_/6/4/csm_ALP0614_WEB_AUDIT_2Q_LACURA_1x1_128x228_7_db9bfbdea3.jpg,,$4.99,$1.00 per 10ml
Mamia Baby Fruit 4 Months+ 120g,https://www.aldi.com.au/fileadmin/_processed_/f/2/csm_ALN2460_Q3_WEB_AUDIT_Babycare__1x1_228x128_05849678b9.jpg,120g,89c,74c per 100g
MAMIA® Unisex Newborn Nappies,https://www.aldi.com.au/fileadmin/_processed_/2/7/csm_ALN3077_AWARD_NAPPIES_1x1_228x128__f9bd3e8363.jpg,,$3.99,14c per nappy
Beautifully Butterfully Dairy Blend 500g,https://www.aldi.com.au/fileadmin/_processed_/f/7/csm_ALN3077_DAIRY-EGGS_1x1_228x128_2_e706ebcac0.jpg,,$3.49,70c per 100g
Just Organic Butter 250g,https://www.aldi.com.au/fileadmin/_processed_/6/6/csm_ALN2793_CHEESE_DAIRY_AWARDS_1x1_228x128__5f67d91c82.jpg,,$3.59,$1.44 per 100g
Beautifully Butterfully Butter 250g,https://www.aldi.com.au/fileadmin/_processed_/e/6/csm_ALN2364_AWARDS_DAIRY_1x1_228x128_10_eb9531b2a5.jpg,,$2.79,$1.12 per 100g
Beautifully Butterfully Unsalted Butter 250g,https://www.aldi.com.au/fileadmin/_processed_/1/b/csm_ALN2364_AWARDS_DAIRY_1x1_228x128_12_fa116139f5.jpg,,$2.79,$1.12 per 100g
Emporium Selection Ash Brie 150g,https://www.aldi.com.au/fileadmin/_processed_/2/3/csm_ALN2793_CHEESE_DAIRY_AWARDS_1x1_228x128_7_49255c4472.jpg,,$4.49,$29.93 per kg
Emporium Selection Double Cream Camembert 200g,https://www.aldi.com.au/fileadmin/_processed_/b/8/csm_ALN2364_AWARDS_CHEESE_1x1_228x128_2_1144bfa615.jpg,,$4.49,$22.45 per kg
Emporium Selection Triple Cream Brie 200g,https://www.aldi.com.au/fileadmin/_processed_/9/5/csm_ALN2364_AWARDS_CHEESE_1x1_228x128_3_c81c34a3e7.jpg,,$4.49,$22.45 per kg
Emporium Selection Camembert 125g,https://www.aldi.com.au/fileadmin/_processed_/b/0/csm_ALN2364_AWARDS_CHEESE_1x1_228x128_4_63d9773acf.jpg,,$2.79,$22.32 per kg
Emporium Selection Brie 125g,https://www.aldi.com.au/fileadmin/_processed_/b/0/csm_ALN2364_AWARDS_CHEESE_1x1_228x128_5_9bfbfcabf7.jpg,,$2.79,$22.32 per kg
Emporium Selection Persian Fetta 180g,https://www.aldi.com.au/fileadmin/_processed_/1/4/csm_ALN2364_AWARDS_CHEESE_1x1_228x128_6_344e6445f9.jpg,,$3.99,$22.17 per kg
LACURA® Beauty Face Primer 3 in 1,https://www.aldi.com.au/fileadmin/_processed_/3/e/csm_ALP0614_WEB_AUDIT_2Q_LACURA_1x1_128x228_6_c0b1a8d162.jpg,,$4.99,$1.00 per 10ml
LACURA® Beauty 24hr Mascara – Waterproof 11.6ml or Volume 11.9ml,https://www.aldi.com.au/fileadmin/_processed_/5/1/csm_ALP0614_WEB_AUDIT_2Q_LACURA_1x1_128x228_4_1e124933e1.jpg,ea $,$6.99,$5.87-$6.03 per 10ml
LACURA® Retractable Eyeliner or Eyebrow Pencil 0.3g,https://www.aldi.com.au/fileadmin/_processed_/c/3/csm_ALN2362_Retractable_Eyeliner_or_Eyebrow_Pencil_0.3g_1x1_228x128__d6c4e2abe1.jpg,0.3g,$4.99,$166.33 per 10g
Mamia Baby’s First Breakfast 4mth+ Fruit & Cereal,https://www.aldi.com.au/fileadmin/_processed_/8/5/csm_ALN1726-2_1x1_BABYCARE_228x128__e191cf1e0e.jpg,,89c,74c per 100g
Mamia Baby’s First Breakfast 6mth+ Porridge,https://www.aldi.com.au/fileadmin/_processed_/6/1/csm_ALN1726-2_1x1_BABYCARE_228x128_2_6a94e6f69f.jpg,,89c,74c per 100g
Mamia Baby’s First Breakfast 6mth+ Muesli,https://www.aldi.com.au/fileadmin/_processed_/2/4/csm_ALN1726-2_1x1_BABYCARE_228x128_3_89e6473daf.jpg,,89c,74c per 100g
Mamia Baby Food Desserts 6 Months+ 120g,https://www.aldi.com.au/fileadmin/_processed_/b/3/csm_ALN2147_1x1_BABYCARE_228x128__f9064a6f41.jpg,ea,89c,74c per 100g
Mamia Premium Baby Food 6+ Months 120g,https://www.aldi.com.au/fileadmin/_processed_/7/d/csm_ALN1726-2_1x1_BABYCARE_228x128_6_11a2b1eaad.jpg,ea,89c,74c per 100g
Mamia Baby Food 6 Months+ 120g,https://www.aldi.com.au/fileadmin/_processed_/d/2/csm_ALN3077_BABY-FOOD_1x1_228x128_6_f49ac9d357.jpg,ea,89c,74c per 100g
Mamia Fruit Snack Cereal Bars Apple 12+ months 8pk 128g,https://www.aldi.com.au/fileadmin/_processed_/3/9/csm_ALN3077_BABY-FOOD_1x1_228x128__22705daf2f.jpg,8pk,$2.79,$2.18 per 100g
"Mamia Fruit Snack Cereal Bars Apple, Blueberry & Banana 12+ months 8pk 128g",https://www.aldi.com.au/fileadmin/_processed_/0/f/csm_ALN3077_BABY-FOOD_1x1_228x128_2_e2c70a0032.jpg,8pk,$2.79,$2.18 per 100g
Mamia Fruit Snack Cereal Bars Apple & Raspberry 12+ months 8pk 128g,https://www.aldi.com.au/fileadmin/_processed_/b/2/csm_ALN3077_BABY-FOOD_1x1_228x128_3_a2af7a0934.jpg,8pk,$2.79,$2.18 per 100g
MAMIA® Unisex Infant Nappies 4kg-8kg 56pk,https://www.aldi.com.au/fileadmin/_processed_/4/e/csm_ALN3077_AWARD_NAPPIES_1x1_228x128_2_9895863bf6.jpg,56pk,$9.99,18c per nappy
MAMIA® Unisex Crawler Nappies 6kg-11kg 56pk,https://www.aldi.com.au/fileadmin/_processed_/6/d/csm_ALN3077_AWARD_NAPPIES_1x1_228x128_3_3e8bd649f8.jpg,56pk,$9.99,18c per nappy
MAMIA® Unisex Toddler Nappies 10kg-15kg 50pk,https://www.aldi.com.au/fileadmin/_processed_/7/5/csm_ALN3077_AWARD_NAPPIES_1x1_228x128_4_4488933568.jpg,50pk,$9.99,20c per nappy
MAMIA® Unisex Walker Nappies 13kg-18kg 44pk,https://www.aldi.com.au/fileadmin/_processed_/b/3/csm_ALN3077_AWARD_NAPPIES_1x1_228x128_5_24d1115ec7.jpg,44pk,$9.99,23c per nappy
MAMIA® Unisex Junior Nappies 16kg-25kg 40pk,https://www.aldi.com.au/fileadmin/_processed_/5/c/csm_ALN3077_AWARD_NAPPIES_1x1_228x128_6_26cfa6aa0e.jpg,40pk,$9.99,25c per nappy
Mamia Baby Wipes 80pk Scented,https://www.aldi.com.au/fileadmin/_processed_/6/4/csm_ALN3248_Q1_WEB-AUDIT__BABY__1x1_228x128_1_d23450f8af.jpg,,$1.89,$2.36 per 100 wipes
Mamia Baby Wipes 80pk Fragrance Free,https://www.aldi.com.au/fileadmin/_processed_/b/3/csm_ALN3248_Q1_WEB-AUDIT__BABY__1x1_228x128_2_c0056a4c8c.jpg,,$1.89,$2.36 per 100 wipes
Mamia Premium Baby Wipes Fragrance Free 240pk,https://www.aldi.com.au/fileadmin/_processed_/a/f/csm_ALN1075_1x1_BABY_228x128_7_0bde3ee9ed.jpg,,$7.69,$3.20 per 100 wipes
Mamia Baby Wipes 480pk Fragance free,https://www.aldi.com.au/fileadmin/_processed_/0/b/csm_ALN3248_Q1_WEB-AUDIT__BABY__1x1_228x128_5_485caf9727.jpg,,$8.99,$1.87 per 100 wipes
Mamia Baby Wipes Embossed Fragrance Free 80pk,https://www.aldi.com.au/fileadmin/_processed_/2/f/csm_ALN3248_Q1_WEB-AUDIT__BABY__1x1_228x128_3_78fb28cd7c.jpg,,$2.69,$3.36 per 100 wipes
Mamia Baby Wipes Embossed Scented 80pk,https://www.aldi.com.au/fileadmin/_processed_/3/d/csm_ALN3248_Q1_WEB-AUDIT__BABY__1x1_228x128_4_d742ad5cb4.jpg,,$2.69,$3.36 per 100 wipes
Emporium Selection Danish Style Fetta Cheese 200g,https://www.aldi.com.au/fileadmin/_processed_/5/c/csm_ALN2853_AWARDS_CHEESE_1x1_228x128__55f37d65bc.jpg,,$2.69,$13.45 per kg
Mamia Fruit & Oat Bars 90g - Strawberry 12+ Months,https://www.aldi.com.au/fileadmin/_processed_/7/b/csm_ALN1726-2_1x1_BABYCARE_228x128_10_b7583c7371.jpg,,$2.99,$3.32 per 100g
Mamia Fruit & Oat Bars 90g - Apple & Raisin with Yogurt 12+ Months,https://www.aldi.com.au/fileadmin/_processed_/1/f/csm_ALN1726-2_1x1_BABYCARE_228x128_11_9425bc2423.jpg,,$2.99,$3.32 per 100g
Mamia Fruit & Oat Bars 90g - Apricot 12+ Months,https://www.aldi.com.au/fileadmin/_processed_/a/b/csm_ALN1726-2_1x1_BABYCARE_228x128_12_b3734ae39b.jpg,,$2.99,$3.32 per 100g
Mamia Organic Apple Mini Rice Cakes 40g,https://www.aldi.com.au/fileadmin/_processed_/2/5/csm_ALN3077_BABY-FOOD_1x1_228x128_4_e5faa35b4b.jpg,,$2.49,$6.23 per 100g
Mamia Organic Raspberry Mini Rice Cakes 40g,https://www.aldi.com.au/fileadmin/_processed_/8/6/csm_ALN3077_BABY-FOOD_1x1_228x128_5_df85b20479.jpg,,$2.49,$6.23 per 100g
Mamia Infant Formula Toddler Step 3 900g,https://www.aldi.com.au/fileadmin/_processed_/d/1/csm_ALC7717_1x1_228x128_3-GOLD_5bd95ff563.jpg,,$12.99,$1.44 per 100g
Mamia Organic Fruit 4 months+ 120g,https://www.aldi.com.au/fileadmin/_processed_/f/f/csm_ALN2934-1_SS_1x1_228x128_NOVEMBER_19_8a616a7211.jpg,ea,$1.29,$1.08 per 100g
Choceur Caramel Filled Milk Chocolate Block 200g,https://www.aldi.com.au/fileadmin/_processed_/6/a/csm_ALN2460_Q3_WEB_AUDIT_Chocolate__1x1_228x128_3_e67dcf7a07.jpg,,$2.99,$1.50 per 100g
Just Organic Pasta Sauces 500g,https://www.aldi.com.au/fileadmin/_processed_/9/f/csm_ALN2745_Q2_WEB_AUDIT__JUST-ORGANIC__1x1_228x128_1_a02c6a78fe.jpg,,$2.49,50c per 100g
Just Organic Extra Virgin Olive Oil 500ml,https://www.aldi.com.au/fileadmin/_processed_/5/7/csm_ALN2230_Q1_OLIVE_OIL_1x1_228x128__a535a40aec.jpg,,$4.69,94c per 100ml
Remano Olive Oil / Mild Olive Oil 1L,https://www.aldi.com.au/fileadmin/_processed_/b/a/csm_ALN1075_OLIVE-OIL_1x1_228x128_3_01_903bd437f6.jpg,ea,$5.99,60c per 100ml
Gluten Free Penne 500g,https://www.aldi.com.au/fileadmin/_processed_/6/b/csm_ALN2147_Q4_GLUTEN-FREE_1x1_228x128_4_c0a7d00059.jpg,,$2.29,46c per 100g
Gluten Free Spirals 500g,https://www.aldi.com.au/fileadmin/_processed_/6/0/csm_ALN3077_GLUTEN-FREE_1x1_228x128__7ce49aa2e0.jpg,,$2.29,46c per 100g
Emporium Selection Greek Style Fetta Cheese 200g,https://www.aldi.com.au/fileadmin/_processed_/0/f/csm_ALN2853_AWARDS_CHEESE_1x1_228x128_2_a4894a4e1a.jpg,,$2.69,$13.45 per kg
Emporium Selection Cheddar Cheese Aged 20 Months 250g,https://www.aldi.com.au/fileadmin/_processed_/7/c/csm_ALN2793_CHEESE_DAIRY_AWARDS_1x1_228x128_6_e2cefed5e9.jpg,,$3.99,$15.96 per kg
Westacre Colby Cheese Block 500g,https://www.aldi.com.au/fileadmin/_processed_/1/8/csm_ALN2793_CHEESE_DAIRY_AWARDS_1x1_228x128_5_9098e2447c.jpg,,$4.99,$9.98 per kg
Cowbelle Original Cheese Slices 500g,https://www.aldi.com.au/fileadmin/_processed_/5/e/csm_ALN2364_AWARDS_CHEESE_1x1_228x128_11_e405598d47.jpg,,$3.69,$7.38 per kg
Cowbelle Light Cheese Slices 500g,https://www.aldi.com.au/fileadmin/_processed_/9/9/csm_ALN2364_AWARDS_CHEESE_1x1_228x128_12_6d8e2bed93.jpg,,$3.69,$7.38 per kg
Westacre Vintage Cheese Slices 12pk/250g,https://www.aldi.com.au/fileadmin/_processed_/6/e/csm_ALN3248_Q1_WEB-AUDIT__DAIRY_EGGS__1x1_228x128_7_837769bea3.jpg,,$3.99,$15.96 per kg
Westacre Tasty Cheese Slices 250g,https://www.aldi.com.au/fileadmin/_processed_/7/c/csm_ALN2793_CHEESE_DAIRY_AWARDS_1x1_228x128_9_7f83b92ef6.jpg,,$3.99,$15.96 per kg
Manhattan Cottage Cheese 500g,https://www.aldi.com.au/fileadmin/_processed_/f/5/csm_ALN2853_AWARDS_CHEESE_1x1_228x128_4_03b377115d.jpg,,$3.79,$7.58 per kg
Emporium Selection Smooth Ricotta 375g,https://www.aldi.com.au/fileadmin/_processed_/1/6/csm_ALN2364_AWARDS_CHEESE_1x1_228x128_10_487a26440c.jpg,,$2.69,$7.17 per kg
Emporium Selection Apricot & Almond Cream Cheese 200g,https://www.aldi.com.au/fileadmin/_processed_/7/2/csm_ALN2853_AWARDS_CHEESE_1x1_228x128_5_45551ddf4a.jpg,,$2.89,$14.45 per kg
Farmdale Thickened Cream 600ml,https://www.aldi.com.au/fileadmin/_processed_/d/9/csm_ALN2364_AWARDS_DAIRY_1x1_228x128_14_03712df03e.jpg,,$2.99,50c per 100ml
Highland Earl Blended Scotch Whisky 700ml,https://www.aldi.com.au/fileadmin/_processed_/7/5/csm_ALN2364_AWARDS_SPIRITS_1x1_228x128_5_a5e27832de.jpg,,$32.99,
Blackstone Paddock Barossa Valley Shiraz 750ml,https://www.aldi.com.au/fileadmin/_processed_/7/6/csm_ALN3248_Q1_WEB-AUDIT__WINE__1x1_228x128_8_ec0766fbbb.jpg,,$17.99,
Monsigny Champagne Brut NV 750ml,https://www.aldi.com.au/fileadmin/_processed_/3/d/csm_ALN2364_AWARDS_CHAMPAGNE_SPARKLING_1x1_228x128__928a42594a.jpg,,$22.99,
Veuve Olivier French Sparkling Wine NV 750ml,https://www.aldi.com.au/fileadmin/_processed_/8/8/csm_ALN2670_Q1_WEB_AUDIT__CHAMPAGNE_SPARKLING__1x1_228x128__cc94bfc416.jpg,,$7.49,
Storm Brewing Co. Premium Light Lager 6 x 330mL,https://www.aldi.com.au/fileadmin/_processed_/6/9/csm_ALN2364_AWARDS_BEER_1x1_228x128_9_36178c103b.jpg,,$7.99,
Choceur Milk & White Chocolate Block 200g,https://www.aldi.com.au/fileadmin/_processed_/c/8/csm_ALN2460_Q3_WEB_AUDIT_Chocolate__1x1_228x128_4_78dbbba64b.jpg,,$2.99,$1.50 per 100g
Choceur Salted Pretzel Chocolate Block 200g,https://www.aldi.com.au/fileadmin/_processed_/4/f/csm_ALN2460_Q3_WEB_AUDIT_Chocolate__1x1_228x128_5_659698b53b.jpg,,$2.99,$1.50 per 100g
Choceur Coffee & Cream Chocolate Block 200g,https://www.aldi.com.au/fileadmin/_processed_/a/0/csm_ALN1075_1x1_CHOCOLATE_228x128_3_4821d9e789.jpg,,$2.99,$1.50 per 100g
Choceur Milk Hazelnut Chocolate Block 200g,https://www.aldi.com.au/fileadmin/_processed_/2/a/csm_ALN1075_1x1_CHOCOLATE_228x128__eb415d998d.jpg,,$2.99,$1.50 per 100g
Choceur Dark Hazelnut Chocolate Block 200g,https://www.aldi.com.au/fileadmin/_processed_/1/0/csm_ALC7929_Choceur_Range_1x1_228x128_2_94a3b1e04e.jpg,,$2.99,$1.50 per 100g
Choceur Fruit & Nut Chocolate Block 200g,https://www.aldi.com.au/fileadmin/_processed_/c/f/csm_ALC7929_Choceur_Range_1x1_228x128_4_d70e55dc3a.jpg,,$2.99,$1.50 per 100g
Choceur White Chocolate Block 200g,https://www.aldi.com.au/fileadmin/_processed_/7/c/csm_ALC7929_Choceur_Range_1x1_228x128_7_0ad82064c2.jpg,,$2.99,$1.50 per 100g
Choceur Rum Raisin & Nut Chocolate Block 200g,https://www.aldi.com.au/fileadmin/_processed_/8/0/csm_ALC7929_Choceur_Range_1x1_228x128_5_e9f7b644ce.jpg,,$2.99,$1.50 per 100g
Choceur Milk Chocolate Block 200g,https://www.aldi.com.au/fileadmin/_processed_/6/d/csm_ALC7929_Choceur_Range_1x1_228x128_16_290ff7d341.jpg,,$2.99,$1.50 per 100g
Choceur Dark Chocolate Block 200g,https://www.aldi.com.au/fileadmin/_processed_/7/2/csm_ALC7929_Choceur_Range_1x1_228x128_15_c9eb465d0b.jpg,,$2.99,$1.50 per 100g
Choceur Milk Almond Chocolate Block 200g,https://www.aldi.com.au/fileadmin/_processed_/f/2/csm_ALC7929_Choceur_Range_1x1_228x128__e3419fff68.jpg,,$2.99,$1.50 per 100g
Just Organic Passata 690g,https://www.aldi.com.au/fileadmin/_processed_/3/a/csm_ALN2230_Q1_ORGANIC_1x1_228x128_3_fb7f52bc89.jpg,,$2.09,30c per 100g
Just Organic Penne Pasta 500g,https://www.aldi.com.au/fileadmin/_processed_/0/7/csm_ALN2460_Q3_WEB_AUDIT_Just_Organic__1x1_228x128_5_8820d95ba9.jpg,,$1.59,32c per 100g
Just Organic Baked Beans in Tomato Sauce 420g,https://www.aldi.com.au/fileadmin/_processed_/7/f/csm_ALN2745_Q2_WEB_AUDIT__JUST-ORGANIC__1x1_228x128_2_51595ce338.jpg,,95c,23c per 100g
Just Organic Quinoa – White or Tricolour 500g,https://www.aldi.com.au/fileadmin/_processed_/f/0/csm_ALN2670_Q1_WEB_AUDIT__JUST_ORGANIC__1x1_228x128__06fd270707.jpg,,$6.49,$1.00 per 100g
Just Organic Green Tea 50pk/75g,https://www.aldi.com.au/fileadmin/_processed_/b/c/csm_ALN2460_Q3_WEB_AUDIT_Just_Organic__1x1_228x128_2_1c4b59e61c.jpg,,$2.49,$3.32 per 100g
Just Organic Rooibos Tea 50pk/80g,https://www.aldi.com.au/fileadmin/_processed_/d/9/csm_ALN2460_Q3_WEB_AUDIT_Just_Organic__1x1_228x128_3_f01fe6955f.jpg,,$2.49,$3.11 per 100g
Just Organic Black Tea 50pk/100g,https://www.aldi.com.au/fileadmin/_processed_/f/e/csm_ALN2460_Q3_WEB_AUDIT_Just_Organic__1x1_228x128_4_18d9d12601.jpg,,$2.49,$2.49 per 100g
Organic Kombucha – Ginger & Lemon 330ml,https://www.aldi.com.au/fileadmin/_processed_/3/9/csm_ALN2230_Q1_ORGANIC_1x1_228x128_7_f1030b5e05.jpg,,$2.49,$6.03 per litre
Organic Kombucha – Raspberry & Lemon 330ml,https://www.aldi.com.au/fileadmin/_processed_/4/a/csm_ALN2218_Q2_Just_Organic_Kombucha_Raspberry_Lemon_330ml_1x1_228x128_56311b0a66.jpg,,$2.49,$6.03 per litre
Just Organic Apple Cider Vinegar 500ml,https://www.aldi.com.au/fileadmin/_processed_/0/b/csm_ALN2230_Q1_ORGANIC_1x1_228x128_9_13ebed85c3.jpg,,$3.29,66c per 100ml
Just Organic UHT Milk 1L,https://www.aldi.com.au/fileadmin/_processed_/c/f/csm_ALN2619_Q4_WEB_AUDIT_JUST_ORGANIC_1x1_228x128__5beb2e3fe6.jpg,,$1.79,$1.79 per litre
Just Organic UHT Soy Milk 1L,https://www.aldi.com.au/fileadmin/_processed_/e/1/csm_ALN2218_Q2_Just_Organic_UHT_Soy_milk_1L_1x1_228x128_76d25f9005.jpg,,$1.49,$1.49 per litre
The Olive Tree Australian Extra Virgin Olive Oil Spray 225g,https://www.aldi.com.au/fileadmin/_processed_/f/b/csm_ALN1726-3_1x1_OLIVE-OIL_228x128__1ed3ae0fb0.jpg,,$2.99,$1.33 per 100g
The Olive Tree Australian Extra Virgin Olive Oil 1L – Classic,https://www.aldi.com.au/fileadmin/_processed_/4/b/csm_ALN2364_AWARDS_OILS-SAUCES_1x1_228x128__905cf88253.jpg,,$8.99,90c per 100ml
The Olive Tree Australian Extra Virgin Olive Oil 3L,https://www.aldi.com.au/fileadmin/_processed_/6/9/csm_ALN2364_AWARDS_OILS-SAUCES_1x1_228x128_2_97c6e8fa85.jpg,,$23.99,80c per 100ml
Remano Extra Virgin Olive Oil 3.78L,https://www.aldi.com.au/fileadmin/_processed_/5/4/csm_ALN1136_1x1_OIL_228x128_3_ad13e61490.jpg,,$19.99,53c per 100ml
Cobram Estate  Australia Extra Virgin Olive Oil 500ml,https://www.aldi.com.au/fileadmin/_processed_/f/c/csm_ALN1075_OLIVE-OIL_1x1_228x128_3_2e4e733cf5.jpg,ea,$9.49,$1.90 per 100ml
Gluten Free Corn Flakes 375g,https://www.aldi.com.au/fileadmin/_processed_/5/4/csm_ALN1075_1x1_GF_228x128__9e8add9131.jpg,,$2.99,80c per 100g
Gluten Free Cocoa Puffs 475g,https://www.aldi.com.au/fileadmin/_processed_/b/3/csm_ALN1075_1x1_GF_228x128_2_150eb74508.jpg,,$2.99,63c per 100g
Gluten Free Plain Flour 500g,https://www.aldi.com.au/fileadmin/_processed_/7/6/csm_ALN2147_Q4_GLUTEN-FREE_1x1_228x128_5_f6210b29c2.jpg,,$2.29,$4.58 per kg
Gluten Free Self Raising Flour 500g,https://www.aldi.com.au/fileadmin/_processed_/1/8/csm_ALN2147_Q4_GLUTEN-FREE_1x1_228x128_6_a60df0943b.jpg,,$2.29,$4.58 per kg
Gluten Free Spaghetti 500g,https://www.aldi.com.au/fileadmin/_processed_/f/a/csm_ALN2147_Q4_GLUTEN-FREE_1x1_228x128_3_2c8abe4d74.jpg,,$2.29,46c per 100g
Has No Gluten Free Biscuits 180g,https://www.aldi.com.au/fileadmin/_processed_/7/0/csm_ALN2805-1_SS_1x1_228x128_SEPTEMBER_10_38e0ccad49.jpg,ea,$2.79,$1.55 per 100g
Has No Gluten Free Coconut Macaroons 160g,https://www.aldi.com.au/fileadmin/_processed_/1/f/csm_ALN2805-1_SS_1x1_228x128_SEPTEMBER_11_33e261d175.jpg,,$2.49,$1.56 per 100g
Power Force Gel Toilet Discs 75ml,https://www.aldi.com.au/fileadmin/_processed_/0/4/csm_ALN2364_AWARDS_HOME_CLEANING_1x1_228x128__df81e22722.jpg,,$4.99,$6.65 per 100ml
Expressi Organic,https://www.aldi.com.au/fileadmin/_processed_/9/9/csm_ALN2853_EXPRESSI_COFFEE_1x1_228x128_2_5c3430b56b.jpg,16pk,$5.99,37c per capsule
Trimat Advanced Laundry Liquid 2L – Regular,https://www.aldi.com.au/fileadmin/_processed_/2/3/csm_ALN3248_Q1_WEB-AUDIT__LAUNDRY__1x1_228x128_2_9f0c8f4f4d.jpg,2L,$7.99,$4 per litre
Farmdale Thickened Light Cream 300ml,https://www.aldi.com.au/fileadmin/_processed_/1/9/csm_ALN2364_AWARDS_DAIRY_1x1_228x128_15_f5eb5d9b56.jpg,,$1.89,63c per 100ml
Farmdale Double Cream 300ml,https://www.aldi.com.au/fileadmin/_processed_/4/f/csm_ALN2364_AWARDS_DAIRY_1x1_228x128_13_66f9076d8f.jpg,,$3.69,$1.23 per 100ml
Farmdale Sour Cream 300ml,https://www.aldi.com.au/fileadmin/_processed_/f/1/csm_ALN2364_AWARDS_DAIRY_1x1_228x128_16_e1d1fc1d27.jpg,,$2.09,70c per 100g
Farmdale Light Sour Cream 300ml,https://www.aldi.com.au/fileadmin/_processed_/2/9/csm_ALN2364_AWARDS_DAIRY_1x1_228x128_17_3246ca45dc.jpg,,$2.09,70c per 100g
Lyttos Greek Style Natural Yogurt 2kg,https://www.aldi.com.au/fileadmin/_processed_/b/8/csm_ALN2745_Q2_WEB_AUDIT__DAIRY__1x1_228x128_2_badbe656cf.jpg,,$8.79,44c per 100g
Brooklea Joi Mango Yogurt 1kg,https://www.aldi.com.au/fileadmin/_processed_/f/f/csm_ALN2793_CHEESE_DAIRY_AWARDS_1x1_228x128_2_696592e9d0.jpg,,$3.19,32c per 100g
Brooklea Joi Mixed Berry Yogurt 1kg,https://www.aldi.com.au/fileadmin/_processed_/5/2/csm_ALN2793_CHEESE_DAIRY_AWARDS_1x1_228x128_3_cdadae755f.jpg,,$3.19,32c per 100g
Brooklea Family Lite Yogurt 1kg,https://www.aldi.com.au/fileadmin/_processed_/5/d/csm_ALN3248_Q1_WEB-AUDIT__DAIRY_EGGS__1x1_228x128_3_34f72b9000.jpg,,$3c,30c per 100g
Just Organic Natural Yogurt 1kg,https://www.aldi.com.au/fileadmin/_processed_/4/5/csm_ALN2218_Q2_Just_Organic_Natural_Yoghurt_1kg_1x1_228x128_b88be6036a.jpg,,$4.99,50c per 100g
Just Organic Vanilla Bean Yogurt 1kg,https://www.aldi.com.au/fileadmin/_processed_/5/4/csm_ALN2218_Q2_Just_Organic_Vanilla_Bean_Yoghurt_1kg_1x1_228x128_012c537839.jpg,,$4.99,50c per 100g
Tamova Quadruple Distilled Vodka 700ml,https://www.aldi.com.au/fileadmin/_processed_/0/a/csm_ALN2619_Q4_WEB_AUDIT_SPIRITS_1x1_228x128__68dc19da09.jpg,,$29.99,
Darley’s London Style Gin 700ml,https://www.aldi.com.au/fileadmin/_processed_/d/5/csm_ALN2364_AWARDS_SPIRITS_1x1_228x128_6_6798243031.jpg,,$29.99,
Highland Black 8YO Blended Scotch Whisky 700ml,https://www.aldi.com.au/fileadmin/_processed_/0/5/csm_ALN2364_AWARDS_SPIRITS_1x1_228x128__bf3a04c542.jpg,,$36.99,
Bluegrass Kentucky Bourbon 700ml,https://www.aldi.com.au/fileadmin/_processed_/5/1/csm_ALN2364_AWARDS_SPIRITS_1x1_228x128_2_e2db5e0930.jpg,,$31.49,
Jim Beam Bourbon 700mL,https://www.aldi.com.au/fileadmin/_processed_/9/a/csm_ALN2218_Jim_Beam_Bourbon_700ml_1x1_228x128_62c16953e5.jpg,,$37.95,
Baroque Brandy 700ml,https://www.aldi.com.au/fileadmin/_processed_/f/6/csm_ALN2364_AWARDS_SPIRITS_1x1_228x128_7_fce9b2f811.jpg,,$29.99,
O’Donnells Irish Country Cream Liqueur 700ml,https://www.aldi.com.au/fileadmin/_processed_/5/0/csm_ALN2364_AWARDS_SPIRITS_1x1_228x128_3_9e7c9a1dec.jpg,,$13.99,
Baileys Irish Cream 700mL,https://www.aldi.com.au/fileadmin/_processed_/8/6/csm_ALN2147_Q4_SPIRITS_1x1_228x128_c9d3ff886a.jpg,,$28.99,
Bluegrass Kentucky Straight Bourbon Whiskey & Cola 6pk,https://www.aldi.com.au/fileadmin/_processed_/d/a/csm_ALC7312_LIQUOR_1x1s_228x128_6_c5142c8708.jpg,6pk,$17.99,
Striganov Vodka Crush Raspberry 4pk,https://www.aldi.com.au/fileadmin/_processed_/5/8/csm_ALN2364_AWARDS_SPIRITS_1x1_228x128_8_29fef96620.jpg,,$9.99,
Blackstone Paddock “The Player” Barossa Valley Shiraz 750ml,https://www.aldi.com.au/fileadmin/_processed_/d/1/csm_ALN2364_AWARDS_WINE_1x1_228x128_28_311a11399e.jpg,,$12.99,
The Tudor Central Victorian Shiraz 750ml,https://www.aldi.com.au/fileadmin/_processed_/5/9/csm_ALN2670_Q1_WEB_AUDIT__WINE__1x1_228x128_4_5832f4406b.jpg,,$12.99,
A.C. Byrne & Co McLaren Vale Shiraz 750ml,https://www.aldi.com.au/fileadmin/_processed_/7/f/csm_ALN2670_Q1_WEB_AUDIT__WINE__1x1_228x128__9b22f47723.jpg,,$9.99,
One Road South Australia & Heathcote Shiraz 750ml,https://www.aldi.com.au/fileadmin/_processed_/b/e/csm_ALN2364_AWARDS_WINE_1x1_228x128__9594f24e9c.jpg,,$7.49,
Taylors Special Release Clare Valley Shiraz 750ml,https://www.aldi.com.au/fileadmin/_processed_/c/a/csm_ALN2619_Q4_WEB_AUDIT_WINE_1x1_228x128_4_b29f70e18b.jpg,,$14.99,
Small Talk Shiraz 1L,https://www.aldi.com.au/fileadmin/_processed_/4/8/csm_ALN2230_Q1_WINE_1x1_228x128_23_8e2533e7ac.jpg,,$5.99,
Precious Earth Shiraz  750ml,https://www.aldi.com.au/fileadmin/_processed_/8/8/csm_ALN2230_Q1_WINE_1x1_228x128_4_9e01fa9953.jpg,,$2.99,
Blackstone Paddock Margaret River Cabernet Sauvignon 750ml,https://www.aldi.com.au/fileadmin/_processed_/5/c/csm_ALN3248_Q1_WEB-AUDIT__WINE__1x1_228x128_7_2abd1358ac.jpg,,$17.99,
Vinology McLaren Vale Organic Cabernet Sauvignon 750ml,https://www.aldi.com.au/fileadmin/_processed_/2/4/csm_ALN3077_AWARD_WINE_1x1_228x128_3_3be3a71768.jpg,,$11.99,
The Pond Cabernet Sauvignon 750ml,https://www.aldi.com.au/fileadmin/_processed_/f/b/csm_ALN2619_Q4_WEB_AUDIT_WINE_1x1_228x128__e0dc68a7e7.jpg,,$6.99,
South Point Estate Sparkling Chardonnay Pinot Noir NV 750ml,https://www.aldi.com.au/fileadmin/_processed_/2/9/csm_ALN3077_AWARD_SPARKLING-CHAMPAGNE_1x1_228x128__6fc1c8e364.jpg,,$4.99,
Corte Carista Prosecco DOC NV 750ml,https://www.aldi.com.au/fileadmin/_processed_/a/9/csm_ALN2364_AWARDS_CHAMPAGNE_SPARKLING_1x1_228x128_4_4b683a81a2.jpg,,$9.99,
Yellowglen Chardonnay Pinot Noir Prosecco Rosé 750ml,https://www.aldi.com.au/fileadmin/_processed_/6/1/csm_ALN3077_SPARKLING-CHAMPAGNE_1x1_228x128__98a8aa8761.jpg,,$7.99,
Yellowglen Chardonnay Pinot Noir & Prosecco 750ml,https://www.aldi.com.au/fileadmin/_processed_/b/e/csm_ALN2230_Q1_CHAMPAGNE-SPARKLING_1x1_228x128__2ec4740364.jpg,,$7.99,
Claire Creek Sparkling Moscato NV 750ml,https://www.aldi.com.au/fileadmin/_processed_/8/9/csm_ALN2230_Q1_CHAMPAGNE-SPARKLING_1x1_228x128_3_37d3592e25.jpg,,$3.99,
Claire Creek Sparkling Moscato Rosa NV 750ml,https://www.aldi.com.au/fileadmin/_processed_/6/7/csm_ALN2619_Q4_WEB_AUDIT_CHAMPAGNE_SPARKLING_1x1_228x128_2_887704e120.jpg,,$3.99,
Vallée Des Secrets Sparkling Cuvée NV 750ml,https://www.aldi.com.au/fileadmin/_processed_/5/a/csm_ALN2364_AWARDS_CHAMPAGNE_SPARKLING_1x1_228x128_8_8231f04af7.jpg,,$12.99,
Storm Brewing Co. Premium Super Dry Beer 6 x 330mL,https://www.aldi.com.au/fileadmin/_processed_/4/0/csm_ALN2364_AWARDS_BEER_1x1_228x128_10_37ada1dcdd.jpg,,$9.99,
Fraser Briggs Premium Lager 6 x 330mL,https://www.aldi.com.au/fileadmin/_processed_/2/3/csm_ALN2364_AWARDS_BEER_1x1_228x128_11_6f44120903.jpg,,$9.99,
Cape Cyan Natural Blonde Beer 6 x 330mL,https://www.aldi.com.au/fileadmin/_processed_/2/d/csm_ALN2364_AWARDS_BEER_1x1_228x128_12_2403b16355.jpg,,$9.99,
Sainte Etienne Premium Lager 6 x 330mL,https://www.aldi.com.au/fileadmin/_processed_/e/7/csm_ALN2364_AWARDS_BEER_1x1_228x128_13_ceafcb40c3.jpg,,$8.99,
Rivet Gold 12pk,https://www.aldi.com.au/fileadmin/_processed_/2/0/csm_ALN2364_AWARDS_BEER_1x1_228x128_2_884fd8c00f.jpg,see price in store*,,
North of Nowhere Pale Ale 12 x 330mL,https://www.aldi.com.au/fileadmin/_processed_/a/a/csm_ALN2364_AWARDS_BEER_1x1_228x128_7_fabc1c9f7f.jpg,see price in store*,,
Storm Brewing Co. Premium Light Lager 24 x 330mL,https://www.aldi.com.au/fileadmin/_processed_/d/d/csm_ALN2364_AWARDS_BEER_1x1_228x128_6_cedc9c5ea8.jpg,see price in store*,,
Carlton Dry 12 x 330ml,https://www.aldi.com.au/fileadmin/_processed_/1/c/csm_ALN2362_Calton_Dry_12x330mL_1x1_228x128_a41aa34356.jpg,,$24.99,
Coopers Original Pale Ale 12 x 375mL,https://www.aldi.com.au/fileadmin/_processed_/c/c/csm_ALN1075_BEER_CIDER_UPDATES_1x1_228x128__416147f988.jpg,see price in store*,,
Corona Lager 12 x 355mL,https://www.aldi.com.au/fileadmin/_processed_/d/8/csm_ALN1075_BEER_CIDER_UPDATES_1x1_228x128_3_f040630b0f.jpg,see price in store*,,
Choceur Dark Almond Chocolate Block 200g,https://www.aldi.com.au/fileadmin/_processed_/2/e/csm_ALN1075_1x1_CHOCOLATE_228x128_9_9f99d831fc.jpg,,$2.99,$1.50 per 100g
Hazelnut Crème Mini Chocolate Bars 5 x 40g,https://www.aldi.com.au/fileadmin/_processed_/a/f/csm_ALN1075_1x1_CHOCOLATE_228x128_6_c1be250e10.jpg,5pk,$2.99,$1.50 per 100g
Milk Mini Chocolate Bars 5 x 40g,https://www.aldi.com.au/fileadmin/_processed_/c/e/csm_ALC7929_Choceur_Range_1x1_228x128_9_ce5fd0c5ec.jpg,5pk,$2.99,$1.50 per 100g
Dark Mini Chocolate Bars 5 x 40g,https://www.aldi.com.au/fileadmin/_processed_/c/0/csm_ALC7929_Choceur_Range_1x1_228x128_10_f0b10f2f56.jpg,5pk,$2.99,$1.50 per 100g
White Mini Chocolate Bars 5 x 40g,https://www.aldi.com.au/fileadmin/_processed_/0/f/csm_ALC7929_Choceur_Range_1x1_228x128_11_08d4103b5c.jpg,5pk,$2.99,$1.50 per 100g
Hazelnut Mini Chocolate Bars 5 x 40g,https://www.aldi.com.au/fileadmin/_processed_/d/e/csm_ALN1075_1x1_CHOCOLATE_228x128_2_e2975ef762.jpg,5pk,$2.99,$1.50 per 100g
Marzipan Mini Chocolate Bars 5 x 40g,https://www.aldi.com.au/fileadmin/_processed_/f/3/csm_ALC7929_Choceur_Range_1x1_228x128_13_49d4fa7114.jpg,5pk,$2.99,$1.50 per 100g
White Crisp Mini Chocolate Bars 5 x 40g,https://www.aldi.com.au/fileadmin/_processed_/1/e/csm_ALC7929_Choceur_Range_1x1_228x128_12_52a1f5a870.jpg,5pk,$2.99,$1.50 per 100g
Choceur Mountain Bar 100g,https://www.aldi.com.au/fileadmin/_processed_/5/c/csm_ALN2230_Q1_CHOCOLATE_1x1_228x128__b9f35aa6ba.jpg,,$1.99,$1.99 per 100g
Just Organic Natural Yogurt 1kg,https://www.aldi.com.au/fileadmin/_processed_/4/5/csm_ALN2218_Q2_Just_Organic_Natural_Yoghurt_1kg_1x1_228x128_b88be6036a.jpg,,$4.99,50c per 100g
Just Organic Natural Yogurt 500g,https://www.aldi.com.au/fileadmin/_processed_/1/7/csm_ALN2619_Q4_WEB_AUDIT_JUST_ORGANIC_1x1_228x128_2_57aa47f732.jpg,,$3.49,70c per 100g
Just Organic Vanilla Bean Yogurt 1kg,https://www.aldi.com.au/fileadmin/_processed_/5/4/csm_ALN2218_Q2_Just_Organic_Vanilla_Bean_Yoghurt_1kg_1x1_228x128_012c537839.jpg,,$4.99,50c per 100g
Just Organic Brie 125g,https://www.aldi.com.au/fileadmin/_processed_/c/2/csm_ALN2362_Just_Organic_Brie_125g_1x1_228x128_53fe03b357.jpg,,$3.99,$31.92 per kg
Just Organic Granola 500g Berry,https://www.aldi.com.au/fileadmin/_processed_/3/c/csm_ALN2218_Q2_Just_Organic_Granola_500g_Berry_1x1_228x128_01_2a453ebad6.jpg,500g,$4.49,90c per 100g
Just Organic Granola 500g Coconut & Chia,https://www.aldi.com.au/fileadmin/_processed_/2/b/csm_ALN2853_AWARDS_JUST-ORGANIC_1x1_228x128_6b9370a881.jpg,500g,$4.49,90c per 100g
Just Organic Sun-Dried Thompson Seedless Raisins 375g,https://www.aldi.com.au/fileadmin/_processed_/8/e/csm_ALN2230_Q1_ORGANIC_1x1_228x128_13_b0a251a243.jpg,,$3.99,$10.64 per kg
Just Organic Extra Virgin Coconut Oil 300g,https://www.aldi.com.au/fileadmin/_processed_/7/7/csm_ALN2460_Q3_WEB_AUDIT_Just_Organic__1x1_228x128__bcf6122767.jpg,,$3.99,$1.33 per 100g
Power Force Anti Bac Plus Surface Spray Disinfectant 300g,https://www.aldi.com.au/fileadmin/_processed_/3/4/csm_ALN2619_Q4_WEB_AUDIT_HOUSEHOLD_1x1_228x128_7_R_79e17b707d.jpg,,$3.69,$1.23 per 100g
Logix Complete Dishwashing Tablets 30pk,https://www.aldi.com.au/fileadmin/_processed_/4/9/csm_ALN3248_Q1_WEB-AUDIT__HOUSEHOLD__1x1_228x128_1_aad92f09bd.jpg,,$4.29,14c per tablet
Logix Platinum Dishwashing Tablets 40pk,https://www.aldi.com.au/fileadmin/_processed_/5/1/csm_ALN3248_Q1_WEB-AUDIT__HOUSEHOLD__1x1_228x128_2_4005e23ecc.jpg,,$7.69,19c per tablet
Atlas Kill & Protect High Performance Surface & Cockroach Spray 350g,https://www.aldi.com.au/fileadmin/_processed_/a/d/csm_ALN2364_AWARDS_HOUSEHOLD_1x1_228x128__c17879937f.jpg,,$2.69,77c per 100g
Atlas Kill & Protect Fast Knockdown Flying Insect Spray 300g,https://www.aldi.com.au/fileadmin/_processed_/c/a/csm_ALN2364_AWARDS_HOUSEHOLD_1x1_228x128_2_5f362f794e.jpg,,$2.39,80c per 100g
Power Force Pro Multi Purpose Cleaner 750ml,https://www.aldi.com.au/fileadmin/_processed_/8/f/csm_ALN2991_AWARDS_HOUSEHOLD_1x1_228x128_4_abbabb6b20.jpg,,$1.79,24c per 100ml
Power Force Pro Bath & Shower Cleaner 750ml,https://www.aldi.com.au/fileadmin/_processed_/b/0/csm_ALN2853_AWARDS_HOUSEHOLD_1x1_228x128__ddce1e329c.jpg,,$2.39,32c per 100ml
Power Force Pro Heavy Duty Cleaner 1.25L,https://www.aldi.com.au/fileadmin/_processed_/0/f/csm_ALN2853_AWARDS_HOUSEHOLD_1x1_228x128_2_3d36a4ff15.jpg,,$2.19,18c per 100ml
Tandil Ultra Dishwashing Liquid 450ml,https://www.aldi.com.au/fileadmin/_processed_/6/f/csm_ALN3077_AWARDS-LAUNDRY-HOUSEHOLD_1x1_228x128__15b73ca48b.jpg,,$1.59,35c per 100ml
Power Force Pro Disinfectant Wipes 120pk,https://www.aldi.com.au/fileadmin/_processed_/6/7/csm_ALN2853_AWARDS_HOUSEHOLD_1x1_228x128_3_cd147d9a8f.jpg,,$2.99,$2.50 per 100 wipes
Expressi Calabrese,https://www.aldi.com.au/fileadmin/_processed_/3/2/csm_ALN2853_EXPRESSI_COFFEE_1x1_228x128_3_c2752b84ae.jpg,16pk,$5.99,37c per capsule
Expressi Abruzzo,https://www.aldi.com.au/fileadmin/_processed_/9/b/csm_ALN2853_EXPRESSI_COFFEE_1x1_228x128_4_d0ff45e335.jpg,16pk,$5.99,37c per capsule
Expressi La Spezia,https://www.aldi.com.au/fileadmin/_processed_/e/1/csm_ALN2853_EXPRESSI_COFFEE_1x1_228x128_5_d0eb83dd77.jpg,16pk,$5.99,37c per capsule
Expressi Torino,https://www.aldi.com.au/fileadmin/_processed_/b/9/csm_ALN2853_EXPRESSI_COFFEE_1x1_228x128_6_b69b12b766.jpg,16pk,$5.99,37c per capsule
Trimat Advanced Laundry Liquid 2L – Sensitive,https://www.aldi.com.au/fileadmin/_processed_/5/8/csm_ALN3248_Q1_WEB-AUDIT__LAUNDRY__1x1_228x128_3_4095ed6e26.jpg,2L,$7.99,$4 per litre
Almat Laundry Powder Concentrate 2kg,https://www.aldi.com.au/fileadmin/_processed_/8/6/csm_ALN2364_AWARDS_HOME_CLEANING_1x1_228x128_9_e4de55715b.jpg,ea,$4.99,$2.50 per kg
Almat Laundry Liquid Concentrate 2L,https://www.aldi.com.au/fileadmin/_processed_/a/8/csm_ALN3077_LAUNDRY_1x1_228x128_3_b60ed568a8.jpg,ea,$4.99,$2.50 per litre
Di San Pre Wash Stain Remover 500ml – Degreaser,https://www.aldi.com.au/fileadmin/_processed_/e/f/csm_ALN2364_AWARDS_HOME_CLEANING_1x1_228x128_3_ff4a4ad151.jpg,,,
Di-San Pre Wash Stain Remover 500ml,https://www.aldi.com.au/fileadmin/_processed_/c/9/csm_ALN3248_Q1_WEB-AUDIT__LAUNDRY__1x1_228x128_1_84870866e9.jpg,500ml,$1.29,$2.58 per litre
Di San Laundry Sanitiser 1L,https://www.aldi.com.au/fileadmin/_processed_/2/f/csm_ALN2362_Di_San_Laundry_Sanitiser_1L_1x1_228x128_0f2461ae49.jpg,,$3.69,$3.69 per Litre
Anco Soft Fabric Softener 4x Concentrate 1L,https://www.aldi.com.au/fileadmin/_processed_/9/5/csm_ALN3077_LAUNDRY_1x1_228x128_2_fb4e788e95.jpg,,$3.59,$3.59 per litre
Anco Soft Fabric Softener Concentrate 250ml,https://www.aldi.com.au/fileadmin/_processed_/d/4/csm_ALN3248_Q1_WEB-AUDIT__LAUNDRY__1x1_228x128_5_69fbf659d8.jpg,ea,99c,$3.96 per Litre
Dairy Dream Blueberry Fruit Swirled Yogurt 720g,https://www.aldi.com.au/fileadmin/_processed_/c/d/csm_ALN2793_CHEESE_DAIRY_AWARDS_1x1_228x128_4_ccb7e22462.jpg,,$3.99,55c per 100g
Dairy Dream Greek Style Yogurt No Added Sugar 750g,https://www.aldi.com.au/fileadmin/_processed_/4/5/csm_ALN3248_Q1_WEB-AUDIT__DAIRY_EGGS__1x1_228x128_1_0427fb4f3e.jpg,,$4.99,67c per 100g
Dairy Dream Premiere Passionfruit Yogurt 4 x 115g,https://www.aldi.com.au/fileadmin/_processed_/7/4/csm_ALN3248_Q1_WEB-AUDIT__DAIRY_EGGS__1x1_228x128_2_871d7f87c6.jpg,,$3.29,72c per 100g
Brooklea Joi Deluxe Yogurt Classics 6 x 150g,https://www.aldi.com.au/fileadmin/_processed_/f/7/csm_ALN2745_Q2_WEB_AUDIT__DAIRY__1x1_228x128_3_80a48c8c5d.jpg,,$3.49,39c per 100g
Brooklea Yogurt Squishies 70g,https://www.aldi.com.au/fileadmin/_processed_/f/1/csm_ALN2745_Q2_WEB_AUDIT__DAIRY__1x1_228x128_1_1439e01874.jpg,ea,69c,99c per 100g
Brooklea Stampede Chocolate Dairy Snack 12 x 100g,https://www.aldi.com.au/fileadmin/_processed_/1/4/csm_ALN2364_AWARDS_DAIRY_1x1_228x128_35_21ef462764.jpg,,$4.49,37c per 100g
Food Envy Chocolate Mousse 2 x 62g,https://www.aldi.com.au/fileadmin/_processed_/7/e/csm_ALN3248_Q1_WEB-AUDIT__DAIRY_EGGS__1x1_228x128_4_e3a0ee5c70.jpg,,$2.29,$1.85 per 100g
Striganov Vodka Crush Guava 4pk,https://www.aldi.com.au/fileadmin/_processed_/7/c/csm_ALN2364_AWARDS_SPIRITS_1x1_228x128_9_b59721ae75.jpg,,$9.99,
Striganov Vodka Crush Lemon Lime 4pk,https://www.aldi.com.au/fileadmin/_processed_/b/1/csm_ALN2364_AWARDS_SPIRITS_1x1_228x128_10_f094509d99.jpg,,$9.99,
Striganov Vodka Crush Watermelon 4pk,https://www.aldi.com.au/fileadmin/_processed_/0/8/csm_ALN2364_AWARDS_SPIRITS_1x1_228x128_11_ffeb0e74f6.jpg,,$9.99,
The Venturer Series Durif 750ml,https://www.aldi.com.au/fileadmin/_processed_/5/4/csm_ALN3077_AWARD_WINE_1x1_228x128_2_54d069ebcc.jpg,,$8.99,
Coraggioso Nero D’Avola 750ml,https://www.aldi.com.au/fileadmin/_processed_/1/2/csm_ALN2619_Q4_WEB_AUDIT_WINE_1x1_228x128_3_6e653cf1d4.jpg,,$5.99,
Luis Felipe Edwards Classic Carménère 750ml,https://www.aldi.com.au/fileadmin/_processed_/2/0/csm_ALN2230_Q1_WINE_1x1_228x128_19_48d9129b27.jpg,,,see price in store*
Piedra Negra Argentinian Malbec 750ml,https://www.aldi.com.au/fileadmin/_processed_/1/a/csm_ALN2230_Q1_WINE_1x1_228x128_20_2fd1363801.jpg,,$10.99,
El Toro Macho Reserva 750ml,https://www.aldi.com.au/fileadmin/_processed_/f/7/csm_ALN2670_Q1_WEB_AUDIT__WINE__1x1_228x128_11_962ab84241.jpg,,$8.99,
Château Les Maurins Bordeaux Merlot & Cabernet Sauvignon 750ml,https://www.aldi.com.au/fileadmin/_processed_/a/2/csm_ALN2230_Q1_WINE_1x1_228x128_6_9612441fa5.jpg,,$9.99,
The Tudor Yarra Valley Pinot Noir 750ml,https://www.aldi.com.au/fileadmin/_processed_/9/2/csm_ALN3248_Q1_WEB-AUDIT__WINE__1x1_228x128_6_d5114a5661.jpg,,$12.99,
Kaiora Bay Reserve Central Otago Pinot Noir 750ml,https://www.aldi.com.au/fileadmin/_processed_/4/3/csm_ALN2364_AWARDS_WINE_1x1_228x128_24_4267b5f4f7.jpg,,$14.99,
One Road Goulburn Valley & King Valley Cabernet Merlot 750ml,https://www.aldi.com.au/fileadmin/_processed_/b/0/csm_ALN2364_AWARDS_WINE_1x1_228x128_2_ecf87a2660.jpg,,$7.49,
Corte Carista Chianti Superiore DOC 750ml,https://www.aldi.com.au/fileadmin/_processed_/7/b/csm_ALN2670_Q1_WEB_AUDIT__WINE__1x1_228x128_10_f2556de9a7.jpg,,$10.99,
Claire Creek Merlot 750ml,https://www.aldi.com.au/fileadmin/_processed_/e/d/csm_ALN2364_AWARDS_WINE_1x1_228x128_16_163d219caf.jpg,,,see price in store*
Rivet Lager 24 x 330mL,https://www.aldi.com.au/fileadmin/_processed_/0/c/csm_ALN2364_AWARDS_BEER_1x1_228x128_14_129e6e3840.jpg,see price in store*,,
Sainte Etienne Premium Lager 24 x 330mL,https://www.aldi.com.au/fileadmin/_processed_/a/f/csm_ALN2364_AWARDS_BEER_1x1_228x128_8_adf8052fae.jpg,see price in store*,,
Fraser Briggs Premium Lager 24 x 330mL,https://www.aldi.com.au/fileadmin/_processed_/8/0/csm_ALN2364_AWARDS_BEER_1x1_228x128_4_17f3ceac09.jpg,see price in store*,,
Cape Cyan Natural Blonde Beer 24 x 330mL,https://www.aldi.com.au/fileadmin/_processed_/3/d/csm_ALN2364_AWARDS_BEER_1x1_228x128_5_01f44534ae.jpg,see price in store*,,
Storm Brewing Co. Premium Super Dry Beer 24 x 330mL,https://www.aldi.com.au/fileadmin/_processed_/8/4/csm_ALN2364_AWARDS_BEER_1x1_228x128_3_9db37b2406.jpg,see price in store*,,
Renberg Apple Cider 500mL,https://www.aldi.com.au/fileadmin/_processed_/a/f/csm_ALC7718_LIQUOR_1x1_228x128_8_01_de40797e89.jpg,,$2.99,
Storm Brewing Co. Apple Cider 10 x 375mL,https://www.aldi.com.au/fileadmin/_processed_/c/d/csm_ALN2957_CIDER_UPDATE_1x1_228x128_c3563e55c1.jpg,,$16.99,
Devil’s Orchard Apple Cider 6 x 330mL,https://www.aldi.com.au/fileadmin/_processed_/f/b/csm_ALN2230_Q1_BEER-CIDER_1x1_228x128_3_723fb2b531.jpg,,$9.99,
Devil's Orchard Pear Cider 6 x 330mL,https://www.aldi.com.au/fileadmin/_processed_/3/8/csm_ALN2230_Q1_BEER-CIDER_1x1_228x128_4_0beae926c1.jpg,,$9.99,
Somersby Apple Cider 10 x 330mL,https://www.aldi.com.au/fileadmin/_processed_/0/3/csm_ALN2230_Q1_BEER-CIDER_1x1_228x128_2_031423051d.jpg,see price in store*,,
Renberg Swedish Pear Cider 500mL,https://www.aldi.com.au/fileadmin/_processed_/2/f/csm_ALN2230_Q1_BEER-CIDER_1x1_228x128__47599e02cb.jpg,,$2.99,
Just Organic Natural Coconut Flakes 200g,https://www.aldi.com.au/fileadmin/_processed_/2/a/csm_ALN1989_ORGANIC_1x1_33_47fd0e8f64.jpg,,$3.99,$19.95 per kg
Just Organic Toasted Coconut Flakes with Sea Salt 140g,https://www.aldi.com.au/fileadmin/_processed_/8/4/csm_ALN1989_ORGANIC_1x1_34_386d507624.jpg,,$3.99,$28.50 per kg
Just Organic Dark Chocolate with Sea Salt 100g,https://www.aldi.com.au/fileadmin/_processed_/4/0/csm_ALN2460_Q3_WEB_AUDIT_Chocolate__1x1_228x128__a35e410266.jpg,,$2.79,$2.79 per 100g
Just Organic Dark Chocolate 100g,https://www.aldi.com.au/fileadmin/_processed_/5/7/csm_ALN2460_Q3_WEB_AUDIT_Chocolate__1x1_228x128_2_476e50ad91.jpg,,$2.79,$2.79 per 100g
Just Organic Yogurt Assorted Varieties 70g,https://www.aldi.com.au/fileadmin/_processed_/b/0/csm_ALN2218_Q2_Just_Organic_Yogurt_Assorted_Varieties_70g_1x1_228x128_a9b6197036.jpg,70g,99c,$1.41 per 100g
Just Organic Yogurt Assorted Varieties 140g,https://www.aldi.com.au/fileadmin/_processed_/7/6/csm_ALN2218_Q2_Just_Organic_Yogurt_Assorted_Varieties_140g_1x1_228x128_01_5fe60a22d4.jpg,140g,$1.49,$1.06 per 100g
Just Organic Extra Virgin Olive Oil 500ml,https://www.aldi.com.au/fileadmin/_processed_/2/5/csm_ALN2218_Q2_Just_Organic_Extra_Virgin_Olive_Oil_500ml_1x1_228x128_485ea2e082.jpg,500ml,$4.69,94c per 100ml
Just Organic Free Range Eggs 6 Pack 300g,https://www.aldi.com.au/fileadmin/_processed_/7/9/csm_ALN2670_Q1_WEB_AUDIT__DAIRY_EGGS__1x1_228x128_5_34abfa032d.jpg,6pk,$3.99,$1.33 per 100g
Confidence Samson Paper Towel 3ply 3pk,https://www.aldi.com.au/fileadmin/_processed_/9/5/csm_ALN2364_HOUSEHOLD_1x1_228x128_7_3124977ae3.jpg,,$2.99,$1.66 per 100 sheets ($1.00 per roll)
Confidence Toilet Tissue Hypoallgerenic 4ply 8pk,https://www.aldi.com.au/fileadmin/_processed_/f/5/csm_ALN2364_HOUSEHOLD_1x1_228x128_8_5bc08f7f42.jpg,,$3.99,36c per 100 sheets (50c per roll)
Expressi Milano,https://www.aldi.com.au/fileadmin/_processed_/b/b/csm_ALN2853_EXPRESSI_COFFEE_1x1_228x128_7_75f08ce36c.jpg,16pk,$5.99,37c per capsule
Expressi Reggio,https://www.aldi.com.au/fileadmin/_processed_/0/5/csm_ALN2853_EXPRESSI_COFFEE_1x1_228x128_8_18bb2d058a.jpg,16pk,$5.99,37c per capsule
Expressi Renzo,https://www.aldi.com.au/fileadmin/_processed_/5/9/csm_ALN2853_EXPRESSI_COFFEE_1x1_228x128_9_f507d53211.jpg,16pk,$5.99,37c per capsule
Expressi Decaffi,https://www.aldi.com.au/fileadmin/_processed_/a/b/csm_ALN2853_EXPRESSI_COFFEE_1x1_228x128_10_7b082d8bdd.jpg,16pk,$5.99,37c per capsule
Expressi Valletta,https://www.aldi.com.au/fileadmin/_processed_/8/a/csm_ALN2853_EXPRESSI_COFFEE_1x1_228x128_11_38cdb4d692.jpg,16pk,$5.99,37c per capsule
Expressi Tauro,https://www.aldi.com.au/fileadmin/_processed_/8/9/csm_ALN2853_EXPRESSI_COFFEE_1x1_228x128_12_cac6acf61a.jpg,16pk,$5.99,37c per capsule
Expressi Intenzo,https://www.aldi.com.au/fileadmin/_processed_/4/f/csm_ALN2853_EXPRESSI_COFFEE_1x1_228x128_15_fa0e3d4bd8.jpg,120g,$5.99,37c per capsule
Expressi Rich Hot Chocolate,https://www.aldi.com.au/fileadmin/_processed_/2/e/csm_ALN2364_EXPRESSI_COFFEE_1x1_228x128_13_4956abdbab.jpg,16pk,$5.99,37c per capsule
Anco Soft Fabric Softener 2L,https://www.aldi.com.au/fileadmin/_processed_/a/4/csm_ALN3248_Q1_WEB-AUDIT__LAUNDRY__1x1_228x128_4_90eba228a7.jpg,ea,$2.79,$1.40 per Litre
Green Action Laundry Liquid 1L,https://www.aldi.com.au/fileadmin/_processed_/f/8/csm_ALN2230_Q1_LAUNDRY_1x1_228x128_7_2a94549594.jpg,,$1.99,$1.99 per litre
Green Action Wool Wash 1L,https://www.aldi.com.au/fileadmin/_processed_/1/9/csm_ALN2230_Q1_LAUNDRY_1x1_228x128_6_c3c49badde.jpg,,$1.99,$1.99 per litre
Laundrite Laundry Liquid 2L,https://www.aldi.com.au/fileadmin/_processed_/9/a/csm_ALN2619_Q4_WEB_AUDIT_LAUNDRY_1x1_228x128__650d15b9ec.jpg,,$1.49,0.75c per Litre
Laundrite Laundry Powder 4kg,https://www.aldi.com.au/fileadmin/_processed_/a/6/csm_ALN2619_Q4_WEB_AUDIT_LAUNDRY_1x1_228x128_2_b0a7d7c968.jpg,,$3.69,0.92c per kg
Food Envy Chocolate Mousse with Salted Caramel 2 x 62g,https://www.aldi.com.au/fileadmin/_processed_/1/b/csm_ALN3248_Q1_WEB-AUDIT__DAIRY_EGGS__1x1_228x128_5_edbf29aec3.jpg,,$2.29,$1.85 per 100g
Food Envy Crème Caramel 2 x 150g,https://www.aldi.com.au/fileadmin/_processed_/f/1/csm_ALN3248_Q1_WEB-AUDIT__DAIRY_EGGS__1x1_228x128_6_07c958019c.jpg,,$1.99,66c per 100g
Brooklea Vanilla Custard 1kg,https://www.aldi.com.au/fileadmin/_processed_/6/6/csm_ALN2364_AWARDS_DAIRY_1x1_228x128_19_2d59258468.jpg,,$2.99,30c per 100g
Little Birdwood Cabernet Shiraz Merlot 750ml,https://www.aldi.com.au/fileadmin/_processed_/3/c/csm_ALN2230_Q1_WINE_1x1_228x128_5_a32a20f19e.jpg,,$4.99,
A.C. Byrne & Co Margaret River Cabernet Merlot 750ml,https://www.aldi.com.au/fileadmin/_processed_/4/f/csm_ALN2670_Q1_WEB_AUDIT__WINE__1x1_228x128_3_ad21456ccb.jpg,,$9.99,
El Toro Macho Tempranillo Bobal 750ml,https://www.aldi.com.au/fileadmin/_processed_/e/e/csm_ALN2364_AWARDS_WINE_1x1_228x128_20_6d38c1a89c.jpg,,$5.99,
Pájaro de Buen Agüero Old Vines Garnacha 750ml,https://www.aldi.com.au/fileadmin/_processed_/b/5/csm_ALN2853_WINE_1x1_228x128_2_3b8e86343f.jpg,750ml,$9.99,
Little Birdwood Sweet Red 750ml,https://www.aldi.com.au/fileadmin/_processed_/e/2/csm_ALN2230_Q1_WINE_1x1_228x128_18_32872f20da.jpg,,$4.99,
François Lurton La Mule Provence Rosé 750ml,https://www.aldi.com.au/fileadmin/_processed_/f/3/csm_ALN2619_Q4_WEB_AUDIT_WINE_1x1_228x128_7_313f3182cf.jpg,,$10.99,
South Point Estate Rosé 750ml,https://www.aldi.com.au/fileadmin/_processed_/4/5/csm_ALN2364_AWARDS_WINE_1x1_228x128_17_5267f5758e.jpg,,$4.99,
Loire Valley Cabernet Franc Rosé 750ml,https://www.aldi.com.au/fileadmin/_processed_/3/b/csm_ALN3077_WINE_1x1_228x128_2_0a678b7cc6.jpg,,$8.49,
South Point Estate Pink Moscato 750ml,https://www.aldi.com.au/fileadmin/_processed_/8/e/csm_ALN3077_AWARD_WINE_1x1_228x128__de0d89282e.jpg,,$4.99,
Sandara Sparkling Sangria 750ml,https://www.aldi.com.au/fileadmin/_processed_/f/5/csm_ALN2230_Q1_WINE_1x1_228x128_21_a10a6f0fd8.jpg,,$7.49,
Leo Imported Lager 12 x 330mL,https://www.aldi.com.au/fileadmin/_processed_/d/7/csm_ALN2364_AWARDS_BEER_1x1_228x128__b4e89e74c3.jpg,,$18.99,
EXPRESSI Coffee Capsule Machine – Steel Grey,https://www.aldi.com.au/fileadmin/_processed_/c/d/csm_ALN2853_EXPRESSI_COFFEE_1x1_228x128_14_2e4887a4fc.jpg,,$79.99,
EXPRESSI Coffee Capsule Machine – One,https://www.aldi.com.au/fileadmin/_processed_/a/7/csm_ALN3248_Q1_WEB-AUDIT__COFFEE__1x1_228x128_595d03ae5b.jpg,,$69.99,
EXPRESSI Milk Frother,https://www.aldi.com.au/fileadmin/_processed_/2/d/csm_ALC7235_1x1_228x128_9_cb3d33ef72.jpg,,$29.99,
Keeper’s Glove Tawny NV 750ml,https://www.aldi.com.au/fileadmin/_processed_/2/0/csm_ALN1075_1x1_LIQUOR_228x128_WINE___7606a0c367.jpg,,$4.99,
Albertson's Reserve Soft Dry Red Cask 4L,https://www.aldi.com.au/fileadmin/_processed_/2/f/csm_ALN2670_Q1_WEB_AUDIT__WINE__1x1_228x128_12_2534d8a6ca.jpg,,$9.99,
Brooke James Vintners Shiraz Cask 2L,https://www.aldi.com.au/fileadmin/_processed_/b/7/csm_ALC7440_1x1_228x128_3_9346512dbd.jpg,,$8.99,
Brooke James Vitners Premium Cabernet Merlot Cask 2L,https://www.aldi.com.au/fileadmin/_processed_/1/0/csm_ALN2230_Q1_WINE_1x1_228x128_13_c6ecacf9ed.jpg,,$8.99,
A.C. Byrne & Co Margaret River Chardonnay 750ml,https://www.aldi.com.au/fileadmin/_processed_/b/f/csm_ALN2670_Q1_WEB_AUDIT__WINE__1x1_228x128_5_48e5246a77.jpg,,$9.99,
Precious Earth Chardonnay 750ml,https://www.aldi.com.au/fileadmin/_processed_/6/8/csm_ALN2364_AWARDS_WINE_1x1_228x128_32_86d2b3f3ed.jpg,,$2.99,
One Road Chardonnay 750ml,https://www.aldi.com.au/fileadmin/_processed_/8/8/csm_ALN0550_1x1_Q1-UPDATE_228x128_37282565f9.jpg,,$6.49,
Grands Les Maurins Bordeaux Sauvignon Blanc 750ml,https://www.aldi.com.au/fileadmin/_processed_/a/a/csm_ALN3077_WINE_1x1_228x128__6a60a9af0a.jpg,,$7.99,
South Point Estate Sauvignon Blanc 750ml,https://www.aldi.com.au/fileadmin/_processed_/2/7/csm_ALN2619_Q4_WEB_AUDIT_WINE_1x1_228x128_8_4cb3e97615.jpg,,$4.99,
Kaiora Bay Marlborough Sauvignon Blanc 750ml,https://www.aldi.com.au/fileadmin/_processed_/e/2/csm_ALN3248_Q1_WEB-AUDIT__WINE__1x1_228x128_1_8d18df4d92.jpg,,$9.99,
Loire Valley Sauvignon Blanc 750ml,https://www.aldi.com.au/fileadmin/_processed_/9/e/csm_ALN2364_AWARDS_WINE_1x1_228x128_34_R_389343e025.jpg,,$8.49,
Neve Marlborough/Hawkes Bay Sauvignon Blanc 750ml,https://www.aldi.com.au/fileadmin/_processed_/d/4/csm_ALN2670_Q1_WEB_AUDIT__WINE__1x1_228x128_6_4b552e9f95.jpg,,$6.49,
Kaiora Bay Reserve Marlborough Sauvignon Blanc 750ml,https://www.aldi.com.au/fileadmin/_processed_/6/b/csm_ALN3248_Q1_WEB-AUDIT__WINE__1x1_228x128_2_dc47076e8e.jpg,,$12.99,
A.C. Byrne & Co Margaret River Sauvignon Blanc Semillon 750ml,https://www.aldi.com.au/fileadmin/_processed_/b/0/csm_ALN2670_Q1_WEB_AUDIT__WINE__1x1_228x128_8_10149e5fcc.jpg,,$7.99,
Little Birdwood Semillon Sauvignon Blanc 750ml,https://www.aldi.com.au/fileadmin/_processed_/0/8/csm_ALN3077_NON-AWARD_WINE_1x1_228x128_3_dfd0e8482e.jpg,,$4.99,
Precious Earth Semillon Sauvignon Blanc 750ml,https://www.aldi.com.au/fileadmin/_processed_/5/7/csm_ALN2230_Q1_WINE_1x1_228x128_8_e4225409dc.jpg,,$2.99,
"Freya & Jules Watervale, Clare Valley Riesling 750ml",https://www.aldi.com.au/fileadmin/_processed_/9/7/csm_ALN2364_AWARDS_WINE_1x1_228x128_37_fec9d86a8c.jpg,,$8.99,
Villa Elsa Pinot Grigio DOC Delle Venezie 750ml,https://www.aldi.com.au/fileadmin/_processed_/a/b/csm_ALN3248_Q1_WEB-AUDIT__WINE__1x1_228x128_5_e0be4c4f54.jpg,750ml,$6.99,
The Pond Pinot Grigio 750ml,https://www.aldi.com.au/fileadmin/_processed_/0/f/csm_ALN2670_Q1_WEB_AUDIT__WINE__1x1_228x128_9_cf810d5ca5.jpg,,$6.99,
South Point Estate Pinot Grigio 750ml,https://www.aldi.com.au/fileadmin/_processed_/3/5/csm_ALN3248_Q1_WEB-AUDIT__WINE__1x1_228x128_4_a0fe8c1bb7.jpg,,$4.99,
South Point Estate Moscato 750ml,https://www.aldi.com.au/fileadmin/_processed_/6/c/csm_ALN3248_Q1_WEB-AUDIT__WINE__1x1_228x128_3_a5452bccd0.jpg,,$4.99,
Brooke James Vintners Semillon Sauvignon Blanc Cask 2L,https://www.aldi.com.au/fileadmin/_processed_/e/1/csm_ALC7440_1x1_228x128_2_85bc331aa6.jpg,,$8.99,
Albertson's Reserve Soft Fruity White Cask 4L,https://www.aldi.com.au/fileadmin/_processed_/a/e/csm_ALN2670_Q1_WEB_AUDIT__WINE__1x1_228x128_13_332929e944.jpg,,$9.99,
Albertson's Reserve Crisp Dry White Cask 4L,https://www.aldi.com.au/fileadmin/_processed_/6/e/csm_ALN2670_Q1_WEB_AUDIT__WINE__1x1_228x128_14_79f295cfa4.jpg,,$9.99,
